@article{Sheikh_2019,
   title={Choosing a Maximum Drift Rate in a SETI Search: Astrophysical Considerations},
   volume={884},
   ISSN={1538-4357},
   url={http://dx.doi.org/10.3847/1538-4357/ab3fa8},
   DOI={10.3847/1538-4357/ab3fa8},
   number={1},
   journal={The Astrophysical Journal},
   publisher={American Astronomical Society},
   author={Sheikh, Sofia Z. and Wright, Jason T. and Siemion, Andrew and Enriquez, J. Emilio},
   year={2019},
   month={Oct},
   pages={14}
}
